% This file was created with JabRef 2.5.
% Encoding: UTF-8

@INBOOK{jemh115,
   author = {NCERT},
   title = {Mathematics},
   chapter = {Probability},
   volume = {},
   series = {Textbook for Class X},
   publisher = {National Council of Educational Research and Training},
   address = {New Delhi},
   edition = {First},
   month = {},
   year = {2019},
   note = {},}
@INBOOK{kemh103,
   author = {NCERT},
   title = {Mathematics},
   chapter = {Conic Sections},
   volume = {},
   series = {Textbook for Class XI},
   publisher = {National Council of Educational Research and Training},
   address = {New Delhi},
   edition = {First},
   month = {},
   year = {2019},
   note = {},}
@INBOOK{iemh110,
   author = {NCERT},
   title = {Mathematics},
   chapter = {Circles},
   volume = {},
   series = {Textbook for Class IX},
   publisher = {National Council of Educational Research and Training},
   address = {New Delhi},
   edition = {First},
   month = {},
   year = {2019},
   note = {},}

@BOOK{proakis_dsp,
author = {Proakis, John G. and Manolakis, Dimitris G.},
title = {Digital Signal Processing: Principles, Algorithms, and Applications},
isbn = {0133737624},
publisher = {Prentice-Hall, Inc.},
address = {USA},
edition = {Fourth Edition},
year = {2006},
}


@BOOK{edwards,
  title = {Integral Calculus For Beginners},
  publisher = {Arihant},
  year = {2010},
  author = {Joseph Edwards},
  owner = {gadepall},
  timestamp = {2010.11.25}
}

@BOOK{hall,
  title = {Higher Algebra},
  publisher = {Arihant},
  year = {2010},
  author = {H. S. Hall and S. R. Knight},
  owner = {gadepall},
  timestamp = {2010.11.25}
}
@BOOK{loney,
  title = {Plane Trigonometry},
  publisher = {Cambridge University Press},
  year = {1895},
  author = {S. L. Loney},
  owner = {gadepall},
  timestamp = {2010.11.25}
}
@BOOK{loney_coord,
  title = {The Elements of Coordinate Geometry},
  publisher = {Macmillan and Co},
  year = {1895},
  author = {S. L. Loney},
  owner = {gadepall},
  timestamp = {2010.11.25}
}

@comment{jabref-meta: selector_publisher:}

@comment{jabref-meta: selector_author:}

@comment{jabref-meta: selector_journal:}

@comment{jabref-meta: selector_keywords:}

